<record xmlns="http://www.loc.gov/MARC21/slim" xmlns:xsi="http://www.w3.org/2001/XMLSchema-instance" xsi:schemaLocation="http://www.loc.gov/MARC21/slim http://www.loc.gov/standards/marcxml/schema/MARC21slim.xsd"><leader>01951nam a2200349   4500</leader><controlfield tag="001">002057185</controlfield><controlfield tag="003">NNU</controlfield><controlfield tag="006">m        d        </controlfield><controlfield tag="007">cr cn |||m|||a</controlfield><controlfield tag="008">150110s1903    le      o     000 0 ara d</controlfield><datafield ind1=" " ind2=" " tag="040"><subfield code="a">NNU</subfield><subfield code="b">eng</subfield><subfield code="c">NNU</subfield></datafield><datafield ind1=" " ind2="4" tag="050"><subfield code="a">PJ7631</subfield><subfield code="b">.D59 1903</subfield></datafield><datafield ind1="0" ind2="0" tag="050"><subfield code="a">PJ7631</subfield><subfield code="b">.D595 1903</subfield></datafield><datafield ind1="0" ind2="0" tag="245"><subfield code="6">880-01</subfield><subfield code="a">Di&#772;wa&#772;n Tadhkirat al-gha&#772;fil &#699;an istih&#803;d&#803;a&#772;r al-ma&#700;a&#772;kil</subfield><subfield code="h">[electronic resource] :</subfield><subfield code="b">al-mawsu&#772;m bi-al-mu&#699;a&#772;rad&#803;a&#772;t al-Zayni&#772;yah &#699;ala&#769; al-manz&#803;u&#772;ma&#772;t al-Hila&#772;li&#772;yah /</subfield><subfield code="c">li-ja&#772;mi&#699;ihi Muh&#803;ammad al-Kha&#772;lid Chalabi&#772; al-H&#803;ims&#803;i&#772;.</subfield></datafield><datafield ind1="3" ind2="0" tag="246"><subfield code="6">880-02</subfield><subfield code="a">Tadhkirat al-gha&#772;fil &#699;an istih&#803;d&#803;a&#772;r al-ma&#700;a&#772;kil :</subfield></datafield><datafield ind1=" " ind2=" " tag="260"><subfield code="6">880-03</subfield><subfield code="a">Bayru&#772;t :</subfield><subfield code="b">[s.n.],</subfield><subfield code="c">1321 [1903 or 1904]</subfield></datafield><datafield ind1=" " ind2=" " tag="300"><subfield code="a">online resource (128 p.)</subfield></datafield><datafield ind1=" " ind2=" " tag="500"><subfield code="a">Part of the Arabic Collections Online (ACO) project, contributed by New York Univeristy Libraries.</subfield></datafield><datafield ind1=" " ind2=" " tag="533"><subfield code="a">Electronic reproduction.</subfield><subfield code="b">New York, N.Y. :</subfield><subfield code="c">New York University,</subfield><subfield code="d">2015.</subfield><subfield code="5">NNU</subfield></datafield><datafield ind1=" " ind2="0" tag="650"><subfield code="a">Arabic poetry.</subfield></datafield><datafield ind1=" " ind2="7" tag="650"><subfield code="a">Arabic poetry.</subfield><subfield code="2">fast</subfield><subfield code="0">(OCoLC)fst00812533</subfield></datafield><datafield ind1="1" ind2=" " tag="700"><subfield code="6">880-04</subfield><subfield code="a">H&#803;ims&#803;i&#772;, Muh&#803;ammad al-Kha&#772;lid Chalabi&#772;.</subfield></datafield><datafield ind1="2" ind2=" " tag="710"><subfield code="a">New York University.</subfield><subfield code="b">Libraries.</subfield></datafield><datafield ind1="0" ind2=" " tag="730"><subfield code="a">Arabic Collections Online.</subfield></datafield><datafield ind1="0" ind2="8" tag="776"><subfield code="i">Print version:</subfield><subfield code="t">Di&#772;wa&#772;n Tadhkirat al-gha&#772;fil &#699;an istih&#803;d&#803;a&#772;r al-ma&#700;a&#772;kil</subfield><subfield code="w">(NNU)002057185</subfield><subfield code="w">(DLC)  2013415155</subfield></datafield><datafield ind1="4" ind2="0" tag="856"><subfield code="u">http://hdl.handle.net/2333.1/qrfj6s1t</subfield></datafield><datafield ind1="0" ind2="0" tag="880"><subfield code="6">245-01/</subfield><subfield code="a">&#1583;&#1610;&#1608;&#1575;&#1606; &#1578;&#1584;&#1603;&#1585;&#1577; &#1575;&#1604;&#1594;&#1575;&#1601;&#1604; &#1593;&#1606; &#1575;&#1587;&#1578;&#1581;&#1590;&#1575;&#1585; &#1575;&#1604;&#1605;&#1570;&#1603;&#1604; :</subfield><subfield code="b">&#1575;&#1604;&#1605;&#1608;&#1587;&#1608;&#1605; &#1576;&#1575;&#1604;&#1605;&#1575;&#1585;&#1590;&#1575;&#1578; &#1575;&#1604;&#1586;&#1610;&#1606;&#1610;&#1577; &#1593;&#1604;&#1609; &#1575;&#1604;&#1605;&#1606;&#1592;&#1608;&#1605;&#1575;&#1578; &#1575;&#1604;&#1607;&#1604;&#1575;&#1604;&#1610;&#1577; /</subfield><subfield code="c">&#1580;&#1605;&#1593;&#1607; &#1605;&#1581;&#1605;&#1583; &#1575;&#1604;&#1582;&#1575;&#1604;&#1583; &#1575;&#1604;&#1580;&#1604;&#1576;&#1610; &#1575;&#1604;&#1581;&#1605;&#1575;&#1589;&#1610;.</subfield></datafield><datafield ind1="3" ind2="0" tag="880"><subfield code="6">246-02/</subfield><subfield code="a">&#1578;&#1584;&#1603;&#1585;&#1577; &#1575;&#1604;&#1594;&#1575;&#1601;&#1604; &#1593;&#1606; &#1575;&#1587;&#1578;&#1581;&#1590;&#1575;&#1585; &#1575;&#1604;&#1605;&#1575;&#1603;&#1604;</subfield></datafield><datafield ind1=" " ind2=" " tag="880"><subfield code="6">260-03/</subfield><subfield code="a">&#1576;&#1610;&#1585;&#1608;&#1578; :</subfield><subfield code="b">[s.n.]&#1548;</subfield><subfield code="c">1321 [1903 or 1904]</subfield></datafield><datafield ind1="0" ind2=" " tag="880"><subfield code="6">700-04/</subfield><subfield code="a">&#1605;&#1581;&#1605;&#1583; &#1575;&#1604;&#1582;&#1575;&#1604;&#1583; &#1575;&#1604;&#1580;&#1604;&#1576;&#1610; &#1575;&#1604;&#1581;&#1605;&#1575;&#1589;&#1610;.</subfield></datafield><datafield ind1=" " ind2=" " tag="959"><subfield code="a">NNU</subfield><subfield code="b">WEB</subfield><subfield code="c">GENI</subfield><subfield code="t">0</subfield><subfield code="m">Electronic access</subfield><subfield code="s">01</subfield></datafield><datafield ind1=" " ind2=" " tag="999"><subfield code="i">NNU_002057185</subfield><subfield code="o" /></datafield></record>